%% This BibTeX bibliography file was created using BibDesk.
%% http://bibdesk.sourceforge.net/


@article{sgd,
author = {Herbert Robbins and Sutton Monro},
title = {A Stochastic Approximation Method},
volume = {22},
number = {3},
pages = {400--407},
year = {1951},
journal = {Annals of Mathematical Statistics}}


@inproceedings{roux2012stochastic,
  title={A stochastic gradient method with an exponential convergence rate for finite training sets},
  author={Nicolas Le Roux and Mark Schmidt and Francis Bach},
  booktitle={Advances in neural information processing systems},
  pages={2663--2671},
  year={2012}
}


@article{SAG,
author = {Mark Schmidt and Nicolas Le Roux and Francis Bach},
title = {Minimizing finite sums with the stochastic average gradient},
journal = {Mathematical Programming},
issue = {1--2},
pages = {83--112},
volume = {162},
year = {2017}}



@inproceedings{SAGA,
  title={{SAGA}: A fast incremental gradient method with support for non-strongly convex composite objectives},
  author={Defazio, Aaron and Bach, Francis and Lacoste-Julien, Simon},
  booktitle={Advances in Neural Information Processing Systems},
  pages={1646--1654},
  year={2014}
}

@inproceedings{SVRG,
author = {Rie Johnson and Tong Zhang},
title = {Accelerating stochastic gradient descent using predictive variance reduction},
booktitle = {Advances in Neural Information Processing Systems},
year = {2013},
pages = {315--323}}


@article{miso,
author = {Julien Mairal},
title = {Incremental majorization-minimization optimization with application to large-scale machine learning},
journal = {Technical report},
year = {2014}}

@inproceedings{neighbors,
author = {Thomas Hofmann and Aurelien Lucchi and Simon Lacoste-Julien and Brian McWilliams},
title = {Variance reduced stochastic gradient descent with neighbors},
booktitle = {Advances in Neural Information Processing Systems},
volume = {28},
pages = {2296--2304},
year = {2015}}



@article{sdca,
title = {Stochastic dual coordinate ascent methods for regularized loss minimization},
journal = {Journal of Machine Learning Research},
author = {Shai Shalev-Shwartz and Tong Zhang},
year = {2013},
volume = {14},
pages = {567--599}}



@inproceedings{pointsaga,
author = {Aaron Defazio},
title = {A Simple Practical Accelerated Method for Finite Sums},
booktitle = {{$30^{th}$} Conference on Neural Information Processing Systems},
year = {2016}}

@inproceedings{finito,
author = {Aaron Defazio and Tiberio Caetano and Justin Domke},
title = {Finito: A faster, permutable incremental gradient method for big data problems},
booktitle = {Proceedings of the 31st International Conference on Machine Learning},
year = {2014}}


@article{proxSVRG,
author = {Lin Xiao and Tong Zhang},
title = {A proximal stochastic gradient method with progressive variance reduction},
journal = {Technical report, Microsoft Research},
year = {2014}}

@inproceedings{natasha2,
author = {Zeyuan Allen-Zhu},
title = {Natasha 2: Faster Non-Convex Optimization Than {SGD}},
booktitle = {{$32^{nd}$} Conference on Neural Information Processing Systems},
year = {2018}}



@inproceedings{natasha,
title = {Natasha: Faster Non-Convex Stochastic Optimization via Strongly Non-Convex Parameter},
author = {Zeyuan Allen-Zhu},
booktitle = {{ICML}},
year = {2017}}




@inproceedings{katyushax,
author = {Zeyuan Allen-Zhu},
title = {Katyusha {X}: Practical Momentum Method for Stochastic Sum-of-Nonconvex Optimization},
booktitle = {{ICML}},
year = {2018}}


@article{katyusha,
author = {Zeyuan Allen-Zhu},
title = {Katyusha: The First Direct Acceleration of Stochastic Gradient Methods},
journal = {Journal of Machine Learning Research},
issue = {18},
pages = {1--51},
year = {2018}}

@inproceedings{ASVRG,
title = {{ASVRG}: Accelerated Proximal {SVRG}},
author = {Fanhua Shang and Licheng Jiao and
Kaiwen Zhou and James Cheng and Yan Ren and Yufei Jin},
booktitle = {Asian Conference on Machine Learning},
volume = {95},
pages = {1--32},
year = {2018}}


@inproceedings{MiG,
title = {A simple stochastic variance reduced algorithm with fast convergence rates},
author = {Kaiwen Zhou and Fanhua Shang and James Cheng},
booktitle = {{ICML}},
pages = {5975--5984},
year = {2018}}


@article{varag,
title = {A unified variance-reduced accelerated gradient method for convex optimization},
author = {Guanghui Lan and Zhize Li and Yi Zhou},
journal = {ar{X}iv:1905.12412},
year = {2019}}


@inproceedings{sarah,
title = {{SARAH}: A novel method for machine learning problems using stochastic recursive gradient},
author = {Lam M. Nguyen and Jie Liu and Katya Scheinberg and Martin Tak{\'a\^{c}}},
volume = {70},
pages = {2613--2621},
year = {2017},
booktitle = {Proceedings of the 34th International Conference on Machine Learning}}


@article{proxsarah,
author = {Nhan H. Pham and Lam M. Nguyen and Dzung T. Phan and Quoc Tran-Dinh},
title = {Prox{SARAH}: An efficient algorithmic framework for stochastic composite nonconvex optimization},
journal = {ar{X}iv:1902.05679},
year = {2019}}


@inproceedings{spider,
title = {SPIDER: Near-Optimal Non-Convex Optimization via Stochastic Path Integrated Differential Estimator},
author = {Cong Fang and Chris Junchi Li and Zhouchen Lin and Tong Zhang},
booktitle = {{$32^{nd}$} Conference on Neural Information Processing Systems},
year = {2018}}



@article{spiderboost,
author = {Zhe Wang and Kaiyi Ji and Yi Zhou and Yingbin Liang and Vahid Tarokh},
title = {{SpiderBoost}: A class of faster variance-reduced algorithms for nonconvex optimization},
journal = {ar{X}iv:1810.10690},
year = {2018}}


@inproceedings{spiderm,
author = {Zhe Wang and Kaiyi Ji and Yi Zhou and Yingbin Liang and Vahid Tarokh},
title = {SpiderBoost and Momentum: Faster Variance Reduction Algorithms},
booktitle = {Neur{IPS}},
year = {2019}}


@article{AttouchFISTA15,
	title={The rate of convergence of {N}esterov's accelerated forward-backward method is actually faster than $o(1/k^2)$},
  author={Attouch, H. and Peypouquet, J.},
  journal={SIAM Journal on Optimization},
  volume={26},
  number={3},
  pages={1824--1834},
  year={2016},
  publisher={SIAM}}


@article{attouch2018inertial,
  title={Inertial Forward--Backward Algorithms with Perturbations: Application to Tikhonov Regularization},
  author={Attouch, H. and Cabot, A. and Chbani, Z. and Riahi, H.},
  journal={Journal of Optimization Theory and Applications},
  volume={179},
  number={1},
  pages={1--36},
  year={2018},
  publisher={Springer}
}




@article{li2004statistical,
  title={Statistical modeling of complex backgrounds for foreground object detection},
  author={Li, L. and Huang, W. and Gu, I. Y. and Tian, Q.},
  journal={IEEE Transactions on Image Processing},
  volume={13},
  number={11},
  pages={1459--1472},
  year={2004},
  publisher={IEEE}
}



@article{chambolle2016introduction,
  title={An introduction to continuous optimization for imaging},
  author={Chambolle, A. and Pock, T.},
  journal={Acta Numerica},
  volume={25},
  pages={161--319},
  year={2016},
  publisher={Cambridge University Press}
}


@article{calatroni2017backtracking,
  title={Backtracking strategies for accelerated descent methods with smooth composite objectives},
  author={Calatroni, L. and Chambolle, A.},
  journal={arXiv preprint arXiv:1709.09004},
  year={2017}
}


@article{scheinberg2014fast,
  title={Fast first-order methods for composite convex optimization with backtracking},
  author={Scheinberg, K. and Goldfarb, D. and Bai, X.},
  journal={Foundations of Computational Mathematics},
  volume={14},
  number={3},
  pages={389--417},
  year={2014},
  publisher={Springer}
}


@article{beck2009fast,
  title={Fast gradient-based algorithms for constrained total variation image denoising and deblurring problems},
  author={Beck, A. and Teboulle, M.},
  journal={IEEE Transactions on Image Processing},
  volume={18},
  number={11},
  pages={2419--2434},
  year={2009},
  publisher={IEEE}
}

@inproceedings{su2014differential,
  title={A differential equation for modeling Nesterovâ€™s accelerated gradient method: Theory and insights},
  author={Su, W. and Boyd, S. and Candes, E.},
  booktitle={Advances in Neural Information Processing Systems},
  pages={2510--2518},
  year={2014}
}


@article{lorenz2015inertial,
  title={An inertial forward-backward algorithm for monotone inclusions},
  author={Lorenz, D. A. and Pock, T.},
  journal={Journal of Mathematical Imaging and Vision},
  volume={51},
  number={2},
  pages={311--325},
  year={2015},
  publisher={Springer}
}

@article{nemirovsky1983problem,
  title={Problem complexity and method efficiency in optimization.},
  author={Nemirovsky, A. S. and Yudin, D. B.},
  year={1983}
}

@article{moudafi2003convergence,
	Author = {Moudafi, A. and Oliny, M.},
	Journal = {Journal of Computational and Applied Mathematics},
	Number = {2},
	Pages = {447--454},
	Publisher = {Elsevier},
	Title = {Convergence of a splitting inertial proximal method for monotone operators},
	Volume = {155},
	Year = {2003}}

@phdthesis{liang2016thesis,
  title={Convergence rates of first-order operator splitting methods},
  author={Liang, J.},
  year={2016},
  school={Normandie Universit{\'e}; GREYC CNRS UMR 6072}
}


@article{liang2017activity,
  title={Activity Identification and Local Linear Convergence of {F}orward--{B}ackward-type Methods},
  author={Liang, J. and Fadili, J. and Peyr{\'e}, G.},
  journal={SIAM Journal on Optimization},
  volume={27},
  number={1},
  pages={408--437},
  year={2017},
  publisher={SIAM}
}


@book{bertsekas1999nonlinear,
	Author = {Bertsekas, D. P.},
	Publisher = {Athena scientific Belmont},
	Title = {Nonlinear programming},
	Year = {1999}}


@article{BolteKL06,
	Author = {Bolte, J. and Daniilidis, A. and Lewis, A.},
	Date-Added = {2016-02-26 09:56:01 +0000},
	Date-Modified = {2016-02-26 09:56:25 +0000},
	Journal = {SIAM J. Optim},
	Number = {4},
	Pages = {1205--1223},
	Title = {The {{\L}}ojasiewicz inequality for nonsmooth subanalytic functions with applications to subgradient dynamical systems},
	Volume = {17},
	Year = {2006}}

@article{nesterov83,
	Author = {Y. Nesterov},
	Date-Added = {2016-02-25 16:59:33 +0000},
	Date-Modified = {2016-02-25 17:00:04 +0000},
	Journal = {Dokl. Akad. Nauk SSSR},
	Number = {3},
	Pages = {543--547},
	Title = {A method for solving the convex programming problem with convergence rate {$O(1/k^2)$}},
	Volume = {269},
	Year = {1983}}

@article{DossalAujol15,
	Author = {J.-F. Aujol and C. Dossal},
	Date-Added = {2016-02-12 18:27:55 +0000},
	Date-Modified = {2016-02-12 18:28:13 +0000},
	Journal = {SIAM Journal on Optimization},
	Number = {4},
	Pages = {2408-2433},
	Title = {Stability of Over-Relaxations for the {F}orward--{B}ackward Algorithm, Application to FISTA},
	Volume = {25},
	Year = {2015}}

@article{Vaiterdof15,
	Author = {S. Vaiter and C. Deledalle and J. M. Fadili and G. Peyr\'e and C. Dossal},
	Date-Added = {2016-02-12 16:32:44 +0000},
	Date-Modified = {2016-02-12 17:06:25 +0000},
	Journal = {Annals of the Institute of Mathematical Statistics},
	Note = {to appear},
	Title = {The Degrees of Freedom of Partly Smooth Regularizers},
	Url = {http://arxiv.org/abs/1404.5557},
	Year = {2015},
	Bdsk-Url-1 = {http://arxiv.org/abs/1404.5557}}

@article{LambertW96,
	Author = {R. M. Corless and G. H. Gonnet and D. E. G. Hare and D. J. Jeffrey and D. E. Knuth},
	Date-Added = {2016-02-05 16:20:22 +0000},
	Date-Modified = {2016-02-05 16:20:43 +0000},
	Journal = {Adv. Comput. Math.},
	Pages = {329--359},
	Title = {On the Lambert W function},
	Volume = {5},
	Year = {1996}}

@article{Gu2012,
	Author = {Gu, M. and Lim, L.-H. and Wu, C. J.},
	Date-Added = {2016-02-05 14:43:06 +0000},
	Date-Modified = {2016-02-05 14:43:19 +0000},
	Journal = {Numerical Algorithms},
	Number = {2},
	Pages = {321--347},
	Title = {{P}ar{N}es: a rapidly convergent algorithm for accurate recovery of sparse and approximately sparse signals},
	Volume = {64},
	Year = {2012}}

@book{lee2003smooth,
	Author = {Lee, J. M.},
	Publisher = {Springer},
	Title = {Smooth manifolds},
	Year = {2003}}

@article{Daniilidis06,
	Author = {Daniilidis, A. and Hare, W. and Malick, J.},
	Date-Added = {2016-01-08 15:54:32 +0000},
	Date-Modified = {2016-01-08 15:54:32 +0000},
	Journal = {Optimization: A Journal of Mathematical Programming \& Operations Research},
	Number = {5-6},
	Pages = {482--503},
	Title = {Geometrical interpretation of the predictor-corrector type algorithms in structured optimization problems},
	Volume = {55},
	Year = {2009}}

@book{BurachikBook08,
	Author = {Regina S. Burachik and Alfredo N. Iusem},
	Date-Added = {2015-12-18 11:30:19 +0000},
	Date-Modified = {2015-12-18 11:30:19 +0000},
	Publisher = {Springer},
	Series = {Optimization and Its Applications},
	Title = {Set-valued Mappings and Enlargements of Monotone Operators},
	Year = {2008}}

@techreport{AttouchFISTAGradInexact15,
	Author = {H. Attouch and Z. Chbani and J. Peypouquet and P. Redont},
	Date-Added = {2015-12-09 12:50:24 +0000},
	Date-Modified = {2015-12-09 12:51:48 +0000},
	Number = {Optimization online 5179},
	Title = {Fast convergence of inertial dynamics and algorithms with asymptotic vanishing damping},
	Year = {2015}}

@article{SvaiterBurachik99,
	Author = {B. F. Svaiter and R. S. Burachik},
	Date-Added = {2015-12-09 12:46:38 +0000},
	Date-Modified = {2015-12-09 12:46:38 +0000},
	Journal = {Set-Valued Anal.},
	Pages = {117--132},
	Title = {$\varepsilon$-enlargements of maximal monotone operators in Banach spaces},
	Volume = {7},
	Year = {1999}}

@techreport{AttouchFISTAGrad15,
	Author = {H. Attouch and J. Peypouquet and P. Redont},
	Date-Added = {2015-11-30 15:18:43 +0000},
	Date-Modified = {2015-11-30 15:19:24 +0000},
	Number = {arXiv:1507.04782},
	Title = {ON THE FAST CONVERGENCE OF AN INERTIAL GRADIENT-LIKE DYNAMICS WITH VANISHING VISCOSITY},
	Year = {2015}}


@article{AttouchiFB14,
	Author = {H. Attouch and J. Peypouquet and P. Redont},
	Date-Added = {2015-11-30 14:41:11 +0000},
	Date-Modified = {2015-11-30 15:18:25 +0000},
	Journal = {SIAM J. Optim.},
	Number = {1},
	Pages = {232--256},
	Title = {A dynamical approach to an inertial {F}orward--{B}ackward algorithm for convex minimization},
	Volume = {24},
	Year = {2014}}

@article{Polyack64,
	Author = {B. T. Polyack},
	Date-Added = {2015-11-30 14:23:57 +0000},
	Date-Modified = {2015-11-30 14:23:57 +0000},
	Journal = {Zh. Vychisl. Mat. Mat. Fiz.},
	Pages = {1--17},
	Title = {Some methods of speeding up the convergence of iterative methods},
	Volume = {4},
	Year = {1964}}

@article{candes2013simple,
	Author = {Cand{\`e}s, E. J. and Recht, B.},
	Journal = {Mathematical Programming},
	Number = {1-2},
	Pages = {577--589},
	Publisher = {Springer},
	Title = {Simple bounds for recovering low-complexity models},
	Volume = {141},
	Year = {2013}}

@article{vaiter2015model,
	Author = {Vaiter, S. and Golbabaee, M. and Fadili, J. and Peyr{\'e}, G.},
	Journal = {Information and Inference},
	Pages = {iav005},
	Publisher = {Oxford University Press},
	Title = {Model selection with low complexity priors},
	Year = {2015}}

@article{vaiter2014modelconsistency,
	Author = {Vaiter, S. and Peyr{\'e}, G. and Fadili, J.},
	Institution = {Preprint},
	Journal = {arXiv preprint arXiv:1405.1004},
	Title = {Model consistency of partly smooth regularizers},
	Year = {2014}}

@book{chavel2006riemannian,
	Author = {Chavel, I.},
	Publisher = {Cambridge University Press},
	Title = {Riemannian geometry: a modern introduction},
	Volume = {98},
	Year = {2006}}

@article{poliquin1998tilt,
	Author = {Poliquin, R. A. and Rockafellar, R. T.},
	Journal = {SIAM Journal on Optimization},
	Number = {2},
	Pages = {287--299},
	Publisher = {SIAM},
	Title = {Tilt stability of a local minimum},
	Volume = {8},
	Year = {1998}}

@article{smith1994optimization,
	Author = {Smith, S. T.},
	Journal = {Fields institute communications},
	Number = {3},
	Pages = {113--135},
	Title = {Optimization techniques on {R}iemannian manifolds},
	Volume = {3},
	Year = {1994}}

@techreport{mFBF15,
	Author = {Liang, J. and Fadili, J. and Peyr{\'e}, G.},
	Institution = {Preprint},
	Title = {Partly smooth monotone operators and a modified {F}orward--{B}ackward--{F}orward splitting methods},
	Year = {2015}}

@inproceedings{liang2014local,
	Author = {Liang, J. and Fadili, J. and Peyr{\'e}, G.},
	Booktitle = {Advances in Neural Information Processing Systems},
	Pages = {1970--1978},
	Title = {Local Linear Convergence of {F}orward--{B}ackward under Partial Smoothness},
	Year = {2014}}


@article{molinari2018convergence,
  title={Convergence rates of Forward--Douglas--Rachford splitting method},
  author={Molinari, C. and Liang, J. and Fadili, J.},
  journal={arXiv preprint arXiv:1801.01088},
  year={2018}
}



@article{PoliquinTiltStab,
	Author = {R. A. Poliquin and R. T. Rockafellar},
	Journal = {SIAM Journal on Optimization},
	Number = {8},
	Pages = {287--299},
	Title = {Local differentiability of distance minimum},
	Volume = {2},
	Year = {1998}}

@article{LewisPartlyTiltHessian,
	Author = {A. S. Lewis and S. Zhang},
	Journal = {SIAM Journal on Optimization},
	Number = {1},
	Pages = {74--94},
	Title = {Partial Smoothness, Tilt Stability, and Generalized {H}essians},
	Volume = {23},
	Year = {2013}}

@book{bhatia2013matrix,
	Author = {Bhatia, R.},
	Publisher = {Springer Science \& Business Media},
	Title = {Matrix analysis},
	Volume = {169},
	Year = {1997}}

@book{absil2009optimization,
	Author = {Absil, P-A. and Mahony, R. and Sepulchre, R.},
	Publisher = {Princeton University Press},
	Title = {Optimization algorithms on matrix manifolds},
	Year = {2009}}

@incollection{absil2013extrinsic,
	Author = {Absil, P-A. and Mahony, R. and Trumpf, J.},
	Booktitle = {Geometric Science of Information},
	Pages = {361--368},
	Publisher = {Springer},
	Title = {An extrinsic look at the {R}iemannian {H}essian},
	Year = {2013}}

@article{lin2014adaptive,
	Author = {Lin, Q. and Xiao, L.},
	Journal = {Computational Optimization and Applications},
	Pages = {1--42},
	Publisher = {Springer},
	Title = {An adaptive accelerated proximal gradient method and its homotopy continuation for sparse optimization},
	Year = {2014}}

@article{johnstone2015lyapunov,
	Author = {Johnstone, P. R. and Moulin, P.},
	Journal = {arXiv preprint arXiv:1502.02281},
	Title = {A {L}yapunov Analysis of {FISTA} with Local Linear Convergence for Sparse Optimization},
	Year = {2015}}

@article{tao2015local,
	Author = {Tao, S. and Boley, D. and Zhang, S.},
	Journal = {arXiv preprint arXiv:1501.02888},
	Title = {Local Linear Convergence of {ISTA} and {FISTA} on the {LASSO} Problem},
	Year = {2015}}

@inproceedings{hou2013linear,
	Author = {Hou, K. and Zhou, Z. and So, A. M.-C. and Luo, Z.Q.},
	Booktitle = {Advances in Neural Information Processing Systems},
	Pages = {710--718},
	Title = {On the linear convergence of the proximal gradient method for trace norm regularization},
	Year = {2013}}

@article{combettes2014variable,
	Author = {Combettes, P.~L. and V{\~u}, B.~C.},
	Journal = {Optimization},
	Number = {9},
	Pages = {1289--1318},
	Publisher = {Taylor \& Francis},
	Title = {Variable metric {F}orward--{B}ackward splitting with applications to monotone inclusions in duality},
	Volume = {63},
	Year = {2014}}

@article{agarwal2012fast,
	Author = {Agarwal, A. and Negahban, S. and Wainwright, M. J.},
	Journal = {The Annals of Statistics},
	Number = {5},
	Pages = {2452--2482},
	Publisher = {Institute of Mathematical Statistics},
	Title = {Fast global convergence of gradient methods for high-dimensional statistical recovery},
	Volume = {40},
	Year = {2012}}

@article{polyak1964some,
	Author = {Polyak, B. T.},
	Journal = {USSR Computational Mathematics and Mathematical Physics},
	Number = {5},
	Pages = {1--17},
	Publisher = {Elsevier},
	Title = {Some methods of speeding up the convergence of iteration methods},
	Volume = {4},
	Year = {1964}}

@article{vandereycken2013low,
	Author = {Vandereycken, B.},
	Journal = {SIAM Journal on Optimization},
	Number = {2},
	Pages = {1214--1236},
	Publisher = {SIAM},
	Title = {Low-rank matrix completion by Riemannian optimization},
	Volume = {23},
	Year = {2013}}

@article{vaiterpartlysmooth,
	Author = {S. Vaiter and G. Peyr\'{e} and J. M. Fadili},
	Journal = {Preprint},
	Title = {Model Consistency of Partly Smooth Regularizers},
	Year = {2014}}

@article{drusvyatskiy2013optimality,
	Author = {Drusvyatskiy, D. and Lewis, A. S.},
	Journal = {Mathematical Programming},
	Pages = {1--32},
	Publisher = {Springer},
	Title = {Optimality, identifiability, and sensitivity},
	Year = {2013}}

@article{o2012adaptive,
	Author = {O'Donoghue, B. and Candes, E.},
	Journal = {Foundations of computational mathematics},
	Number = {3},
	Pages = {715--732},
	Publisher = {Springer},
	Title = {Adaptive restart for accelerated gradient schemes},
	Volume = {15},
	Year = {2015}}

@phdthesis{boumal2010discrete,
	Author = {Boumal, N.},
	Month = {Feb.},
	School = {Universit\'e catholique de Louvain},
	Title = {Optimization and estimation on manifolds},
	Year = {2014}}

@inproceedings{studer2012signal,
	Author = {Studer, C. and Yin, W. and Baraniuk, R. G.},
	Booktitle = {Communication, Control, and Computing (Allerton), 2012 50th Annual Allerton Conference on},
	Organization = {IEEE},
	Pages = {1270--1277},
	Title = {Signal representations with minimum $\ell_\infty$-norm},
	Year = {2012}}

@article{lyubarskii2010uncertainty,
	Author = {Lyubarskii, Y. and Vershynin, R.},
	Journal = {Information Theory, IEEE Transactions on},
	Number = {7},
	Pages = {3491--3501},
	Publisher = {IEEE},
	Title = {Uncertainty principles and vector quantization},
	Volume = {56},
	Year = {2010}}

@inproceedings{jegou2012anti,
	Author = {J{\'e}gou, H. and Furon, T. and Fuchs, J.~J.},
	Booktitle = {Acoustics, Speech and Signal Processing (ICASSP), 2012 IEEE International Conference on},
	Organization = {IEEE},
	Pages = {2029--2032},
	Title = {Anti-sparse coding for approximate nearest neighbor search},
	Year = {2012}}

@article{chambolle2015convergence,
	Author = {Chambolle, A. and Dossal, C.},
	Journal = {Journal of Optimization Theory and Applications},
	Number = {3},
	Pages = {968--982},
	Publisher = {Springer},
	Title = {On the convergence of the iterates of the ``fast iterative shrinkage/thresholding algorithm''},
	Volume = {166},
	Year = {2015}}

@article{opial1967weak,
	Author = {Opial, Z.},
	Journal = {Bulletin of the American Mathematical Society},
	Number = {4},
	Pages = {591--597},
	Title = {Weak convergence of the sequence of successive approximations for nonexpansive mappings},
	Volume = {73},
	Year = {1967}}

@article{ochs2014ipiano,
	Author = {Ochs, Peter and Chen, Yunjin and Brox, Thomas and Pock, Thomas},
	Journal = {arXiv preprint arXiv:1404.4805},
	Title = {ipiano: Inertial proximal algorithm for non-convex optimization},
	Year = {2014}}

@article{lorenz2014accelerated,
	Author = {Lorenz, D. A. and Pock, T.},
	Journal = {arXiv preprint arXiv:1403.3522},
	Title = {An accelerated {F}orward--{B}ackward algorithm for monotone inclusions},
	Year = {2014}}

@article{moudafi2003convergence,
	Author = {Moudafi, A. and Oliny, M.},
	Journal = {Journal of Computational and Applied Mathematics},
	Number = {2},
	Pages = {447--454},
	Publisher = {Elsevier},
	Title = {Convergence of a splitting inertial proximal method for monotone operators},
	Volume = {155},
	Year = {2003}}

@article{alvarez2001inertial,
	Author = {Alvarez, F. and Attouch, H.},
	Journal = {Set-Valued Analysis},
	Number = {1-2},
	Pages = {3--11},
	Publisher = {Springer},
	Title = {An inertial proximal method for maximal monotone operators via discretization of a nonlinear oscillator with damping},
	Volume = {9},
	Year = {2001}}

@article{alvarez2000minimizing,
	Author = {Alvarez, F.},
	Journal = {SIAM Journal on Control and Optimization},
	Number = {4},
	Pages = {1102--1119},
	Publisher = {SIAM},
	Title = {On the minimizing property of a second order dissipative system in {H}ilbert spaces},
	Volume = {38},
	Year = {2000}}

@book{hiriart1996convex,
	Author = {Hiriart-Urruty, J.-B. and Lemar{\'e}chal, C.},
	Publisher = {Springer},
	Title = {Convex Analysis And Minimization Algorithms},
	Volume = {I and II},
	Year = {2001}}

@article{miller2005newton,
	Author = {Miller, S. A. and Malick, J.},
	Journal = {Mathematical programming},
	Number = {2-3},
	Pages = {609--633},
	Publisher = {Springer},
	Title = {Newton methods for nonsmooth convex minimization: connections among-{L}agrangian, {R}iemannian {N}ewton and {SQP} methods},
	Volume = {104},
	Year = {2005}}

@misc{Vaiter14,
	Author = {S. Vaiter and G. Peyr{\'e} and J. M. Fadili},
	Howpublished = {arXiv:1405.1004},
	Title = {Partly Smooth Regularization of Inverse Problems},
	Year = {2014}}

@incollection{Chambolle12,
	Annote = {doi:10.1201/b12281-5},
	Author = {A. Chambolle and J. Darbon},
	Booktitle = {Image Processing and Analysis with Graphs},
	Publisher = {CRC Press},
	Title = {A Parametric Maximum Flow Approach for Discrete Total Variation Regularization},
	Title1 = {Digital Imaging and Computer Vision},
	Year = {2012},
	Bdsk-Url-1 = {http://dx.doi.org/10.1201/b12281-5}}


@article{chambolle2009total,
	Author = {Chambolle, A. and Darbon, J.},
	Journal = {International journal of computer vision},
	Number = {3},
	Pages = {288--307},
	Publisher = {Springer},
	Title = {On total variation minimization and surface evolution using parametric maximum flows},
	Volume = {84},
	Year = {2009}}

	

@article{DaviesKovac01,
	Author = {P. L. Davies and A. Kovac},
	Journal = {Ann. Statist.},
	Pages = {1--65},
	Title = {Local extremes, runs, strings and multiresolution},
	Volume = {29},
	Year = {2001}}

@article{tibshirani2004sparsity,
	Author = {Tibshirani, R. and Saunders, M. and Rosset, S. and Zhu, J. and Knight, K.},
	Journal = {Journal of the Royal Statistical Society: Series B (Statistical Methodology)},
	Number = {1},
	Pages = {91--108},
	Publisher = {Wiley Online Library},
	Title = {Sparsity and smoothness via the fused lasso},
	Volume = {67},
	Year = {2004}}

@article{yuan2005model,
	Author = {Yuan, M. and Lin, Y.},
	Journal = {Journal of the Royal Statistical Society: Series B (Statistical Methodology)},
	Number = {1},
	Pages = {49--67},
	Publisher = {Wiley Online Library},
	Title = {Model selection and estimation in regression with grouped variables},
	Volume = {68},
	Year = {2005}}

@article{Hale07,
	Author = {Hale, E. and Yin, W. and Zhang, Y.},
	Journal = {SIAM Journal on Optimization},
	Number = {3},
	Pages = {1107-1130},
	Title = {Fixed-point continuation for $\ell_1$-minimization: methodology and convergence},
	Volume = {19},
	Year = {2008}}

@article{Tseng09,
	Author = {Tseng, P. and Yun, S.},
	Journal = {Math. Prog. (Ser. B)},
	Title = {A coordinate gradient descent method for nonsmooth separable minimization},
	Volume = {117},
	Year = {2009}}

@article{hare2004identifying,
	Author = {Hare, W. L. and Lewis, A. S.},
	Journal = {Journal of Convex Analysis},
	Number = {2},
	Pages = {251--266},
	Publisher = {HELDERMANN VERLAG LANGER GRABEN 17, 32657 LEMGO, GERMANY},
	Title = {Identifying active constraints via partial smoothness and prox-regularity},
	Volume = {11},
	Year = {2004}}

@article{LukeMAP09,
	Author = {A. S. Lewis and D. R. Luke and J. Malick},
	Journal = {Found. Comput. Math.},
	Number = {4},
	Pages = {485--513},
	Title = {Local linear convergence for alternating and averaged nonconvex projections},
	Volume = {9},
	Year = {2009}}

@article{lions1979splitting,
	Author = {Lions, P. L. and Mercier, B.},
	Journal = {SIAM Journal on Numerical Analysis},
	Number = {6},
	Pages = {964--979},
	Publisher = {SIAM},
	Title = {Splitting algorithms for the sum of two nonlinear operators},
	Volume = {16},
	Year = {1979}}

@article{bjorck1973numerical,
	Author = {Bj\"{o}rck, Ake and Golub, Gene H},
	Journal = {Mathematics of computation},
	Number = {123},
	Pages = {579--594},
	Title = {Numerical methods for computing angles between linear subspaces},
	Volume = {27},
	Year = {1973}}

@inbook{Hare11,
	Author = {W. L. Hare},
	Chapter = {Identifying Active Manifolds in Regularization Problems},
	Publisher = {Springer},
	Title = {Fixed-Point Algorithms for Inverse Problems in Science and Engineering},
	Year = {2011}}

@article{DemanetZhang13,
	Author = {L. Demanet and X. Zhang},
	Journal = {Mathematical Programming},
	Title = {Eventual linear convergence of the Douglas-Rachford iteration for basis pursuit},
	Year = {2013}}

@article{Borwein12,
	Author = {F. J. Aragon Artacho and J. M. Borwein},
	Title = {Global convergence of a non-convex Douglas-Rachford iteration},
	Year = {2012}}

@article{BorweinSims10,
	Author = {J. M. Borwein and B. Sims},
	Title = {The Douglas-Rachford algorithm in the absence of convexity},
	Year = {2010}}

@article{BauschkeLukea,
	Author = {H. H. Bauschke and D. R. Luke and H. M. Phan and X. Wang},
	Title = {Restricted normal cones and sparsity optimization with affine constraints},
	Year = {2012}}

@article{BauschkeLukeb,
	Author = {H. H. Bauschke and D. R. Luke and H. M. Phan and X. Wang},
	Title = {Restricted normal cones and the method of alternating projections},
	Year = {2012}}

@article{HesseLuke12,
	Author = {R. Hesse and D. R. Luke},
	Title = {Nonconvex notions of regularity and convergence of fundamental algorithms for feasibility problems},
	Year = {2012}}

@article{HesseLuke13,
	Author = {R. Hesse and D. R. Luke and P. Neumann},
	Title = {Projection Methods for Sparse Affine Feasibility: Results and Counterexamples},
	Year = {2013}}

@incollection{HareFB11,
	Author = {W. L. Hare},
	Booktitle = {Fixed-Point Algorithms for Inverse Problems in Science and Engineering},
	Chapter = {13},
	Editor = {H. H. Bauschke and R. S. and Burachik and P. L. Combettes and V. Elser and D. R. Luke and H. Wolkowicz},
	Publisher = {Springer},
	Series = {Springer Optimization and Its Applications},
	Title = {Identifying Active Manifolds in Regularization Problems},
	Volume = {49},
	Year = {2011}}

@article{fuchs2004on-sp,
	Author = {Fuchs, J.J.},
	Journal = {IEEE Transactions on Information Theory},
	Number = {6},
	Pages = {1341--1344},
	Title = {{On sparse representations in arbitrary redundant bases}},
	Volume = {50},
	Year = {2004}}

@article{vaiter-analysis,
	Author = {S. Vaiter and G. Peyr{\'e} and C. Dossal and J. M. Fadili},
	Journal = {IEEE Transactions on Information Theory},
	Number = 4,
	Pages = {2001--2016},
	Title = {Robust Sparse Analysis Regularization},
	Volume = 59,
	Year = {2013}}

@article{bach2008consistency,
	Author = {F. R. Bach},
	Journal = {Journal of Machine Learning Research},
	Pages = {1019--1048},
	Title = {Consistency of Trace Norm Minimization},
	Volume = {9},
	Year = {2008}}

@article{Bach08group,
	Author = {F. R. Bach},
	Journal = {Journal of Machine Learning Research},
	Pages = {1179--1225},
	Title = {Consistency of the Group Lasso and Multiple Kernel Learning},
	Volume = {9},
	Year = {2008}}

@article{Zhao-irrepresentability,
	Acmid = {1248637},
	Author = {Zhao, P. and Yu, B.},
	Issn = {1532-4435},
	Issue_Date = {12/1/2006},
	Journal = {J. Mach. Learn. Res.},
	Month = dec,
	Numpages = {23},
	Pages = {2541--2563},
	Publisher = {JMLR.org},
	Title = {On Model Selection Consistency of {L}asso},
	Volume = {7},
	Year = {2006}}

@techreport{2013-duval-sparsespikes,
	Author = {V. Duval and G. Peyr{\'e}},
	Institution = {Preprint hal-00839635},
	Title = {Exact Support Recovery for Sparse Spikes Deconvolution},
	Url = {http://hal.archives-ouvertes.fr/hal-00839635/},
	Year = {2013},
	Bdsk-Url-1 = {http://hal.archives-ouvertes.fr/hal-00839635/}}

@inproceedings{grave2011trace,
	Author = {E. Grave and G. Obozinski and F. R. Bach},
	Booktitle = {Proc. NIPS},
	Date-Modified = {2015-03-22 20:00:20 +0000},
	Editor = {John Shawe-Taylor and Richard S. Zemel and Peter L. Bartlett and Fernando C. N. Pereira and Kilian Q. Weinberger},
	Pages = {2187--2195},
	Title = {Trace Lasso: a trace norm regularization for correlated designs},
	Year = {2011}}

@inproceedings{RichardBV13,
	Author = {E. Richard and F. R. Bach and J. P. Vert},
	Booktitle = {Proc. ICML},
	Pages = {1157--1165},
	Publisher = {JMLR.org},
	Series = {JMLR Proceedings},
	Title = {Intersecting singularities for multi-structured estimation},
	Volume = {28},
	Year = {2013}}

@article{burger2004convergence,
	Author = {M. Burger and S. Osher},
	Journal = {Inverse Problems},
	Number = {5},
	Pages = {1411},
	Title = {Convergence rates of convex variational regularization},
	Volume = {20},
	Year = {2004},
	Bdsk-Url-1 = {http://stacks.iop.org/0266-5611/20/i=5/a=005}}

@book{ScherzerBook09,
	Author = {Scherzer, O. and Grasmair, M. and Grossauer, H. and Haltmeier, M. and Lenzen, F.},
	Day = {09},
	Edition = {1st},
	Howpublished = {Hardcover},
	Isbn = {0387309314},
	Publisher = {Springer},
	Series = {Applied Mathematical Sciences},
	Title = {{Variational Methods in Imaging}},
	Year = {2009}}

@article{GrassmaiCPAM,
	Author = {M. Grasmair and O. Scherzer and M. Haltmeier},
	Journal = {Communications on Pure and Applied Mathematics},
	Number = {2},
	Pages = {161--182},
	Publisher = {Wiley Online Library},
	Title = {Necessary and sufficient conditions for linear convergence of $\ell_1$-regularization},
	Volume = {64},
	Year = {2011}}

@article{GrasmairPositively11,
	Author = {Grasmair, M.},
	Date-Modified = {2013-04-16 10:14:01 +0000},
	Journal = {Inverse Problems},
	Pages = {075014},
	Publisher = {IOP Publishing},
	Title = {Linear convergence rates for {T}ikhonov regularization with positively homogeneous functionals},
	Volume = {27},
	Year = {2011}}

@inproceedings{2013-sampta-decomposable,
	Author = {M. J. Fadili and G. Peyr{\'e} and S. Vaiter and C. Deledalle and J. Salmon},
	Booktitle = {Proc. Sampta'13},
	Pages = {113-116},
	Title = {Stable Recovery with Analysis Decomposable Priors},
	Url = {http://arxiv.org/abs/1304.4407},
	Year = {2013},
	Bdsk-Url-1 = {http://arxiv.org/abs/1304.4407}}

@article{WainwrightDecomposable12,
	Author = {S. Negahban and P. Ravikumar and M. J. Wainwright and B. Yu},
	Journal = {Statistical Science},
	Month = {December},
	Number = {4},
	Pages = {538--557},
	Title = {A unified framework for high-dimensional analysis of {M}-estimators with decomposable regularizers},
	Volume = {27},
	Year = {2012}}

@article{candes2011simple,
	Author = {E. J. Cand{\`e}s and B. Recht},
	Journal = {Math. Program},
	Number = {1-2},
	Pages = {577--589},
	Title = {Simple bounds for recovering low-complexity models},
	Volume = {141},
	Year = {2013}}

@article{wainwright-sharp-thresh,
	Author = {M. J. Wainwright},
	Journal = {IEEE Transactions on Information Theory},
	Number = 5,
	Pages = {2183--2202},
	Title = {Sharp Thresholds for High-Dimensional and Noisy Sparsity Recovery Using $\ell_1$-Constrained Quadratic Programming (Lasso)},
	Volume = 55,
	Year = 2009}

@article{dossal2011noisy,
	Author = {C. Dossal and M.L. Chabanol and G. Peyr{\'e} and M. J. Fadili},
	Comment = {<a href='https://github.com/gpeyre/2011-ACHA-support-ident'>code</a>},
	Doi = {10.1016/j.acha.2011.09.003},
	Gsid = {9251743734444828499},
	Journal = {Applied and Computational Harmonic Analysis},
	Number = 1,
	Pages = {24--43},
	Title = {Sharp Support Recovery from Noisy Random Measurements by L1 minimization},
	Url = {http://hal.archives-ouvertes.fr/hal-00553670/},
	Volume = 33,
	Year = {2012},
	Bdsk-Url-1 = {http://hal.archives-ouvertes.fr/hal-00553670/},
	Bdsk-Url-2 = {http://dx.doi.org/10.1016/j.acha.2011.09.003}}

@article{candesExactCompletion,
	Author = {Cand\`es, E. J. and Recht, B.},
	Journal = {Foundations of Computational Mathematics},
	Language = {English},
	Number = {6},
	Pages = {717--772},
	Publisher = {Springer-Verlag},
	Title = {Exact Matrix Completion via Convex Optimization},
	Volume = {9},
	Year = {2009}}

@article{CandesP10,
	Author = {E.J. Cand{\`e}s and Y. Plan},
	Journal = {Proceedings of the IEEE},
	Number = {6},
	Pages = {925--936},
	Title = {Matrix Completion With Noise},
	Volume = {98},
	Year = {2010}}

@article{mordukhovich1992sensitivity,
	Author = {Mordukhovich, B.S.},
	Journal = {Theoretical Aspects of Industrial Design (D. A. Field and V. Komkov, eds.), SIAM Volumes in Applied Mathematics},
	Pages = {32--46},
	Title = {Sensitivity analysis in nonsmooth optimization},
	Volume = {58},
	Year = {1992}}

@article{PoliquinRockafellar2000,
	Author = {R. A. Poliquin and R. T. Rockafellar and L. Thibault},
	Date-Modified = {2015-03-22 20:00:59 +0000},
	Journal = {Trans. Amer. Math. Soc.},
	Pages = {5231--5249},
	Title = {Local differentiability of distance functions},
	Volume = {352},
	Year = {2000}}

@article{Hare-Lewis-Algo,
	Author = {W. L. Hare and A. S. Lewis},
	Journal = {Algorithmic Operations Research},
	Number = {2},
	Pages = {75--82},
	Title = {Identifying Active Manifolds},
	Volume = {2},
	Year = {2007}}

@article{Lewis-PartlySmooth,
	Author = {A. S. Lewis},
	Journal = {SIAM Journal on Optimization},
	Number = {3},
	Pages = {702--725},
	Title = {Active sets, nonsmoothness, and sensitivity},
	Volume = {13},
	Year = {2003}}

@article{Wright-IdentSurf,
	Author = {S. J. Wright},
	Journal = {SIAM Journal on Control and Optimization},
	Number = {4},
	Pages = {1063--1079},
	Title = {Identifiable Surfaces in Constrained Optimization},
	Volume = {31},
	Year = {1993}}

@article{Lemarechal-ULagrangian,
	Author = {C. Lemar{\'e}chal and F. Oustry and C. Sagastiz{\'a}bal},
	Journal = {Trans. Amer. Math. Soc.},
	Number = {2},
	Pages = {711--729},
	Title = {The {U}-{L}agrangian of a convex function},
	Volume = {352},
	Year = {2000}}

@book{rockafellar1998variational,
	Author = {Rockafellar, R. T. and Wets, R.},
	Date-Modified = {2012-04-06 18:48:09 +0200},
	Publisher = {Springer Verlag},
	Title = {Variational analysis},
	Volume = {317},
	Year = {1998}}

@article{Daniilidis-SpectralIdent,
	Author = {Daniilidis, A. and Drusvyatskiy, D. and Lewis, A. S.},
	Journal = {SIAM Journal on Matrix Analysis and Applications},
	Number = {2},
	Pages = {580--598},
	Publisher = {SIAM},
	Title = {Orthogonal invariance and identifiability},
	Volume = {35},
	Year = {2014}}

@article{tibshirani1996regre,
	Author = {Tibshirani, R.},
	Journal = {Journal of the Royal Statistical Society. Series B. Methodological},
	Number = {1},
	Pages = {267--288},
	Title = {Regression shrinkage and selection via the {L}asso},
	Volume = {58},
	Year = {1996}}

@article{chen1999atomi,
	Author = {Chen, S. S. and Donoho, D. L. and Saunders, M. A.},
	Journal = {SIAM journal on scientific computing},
	Number = {1},
	Pages = {33--61},
	Publisher = {Citeseer},
	Title = {Atomic decomposition by basis pursuit},
	Volume = {20},
	Year = {1999}}

@article{LewisMathEig,
	Author = {A. S. Lewis},
	Journal = {Mathematical Programming},
	Number = {1--2},
	Pages = {155--176},
	Title = {The mathematics of eigenvalue optimization},
	Volume = {97},
	Year = {2003}}

@article{oymak2012simultaneously,
	Author = {Oymak, S. and Jalali, A. and Fazel, M. and Eldar, Y.C. and Hassibi, B.},
	Journal = {arXiv preprint arXiv:1212.3753},
	Title = {Simultaneously Structured Models with Application to Sparse and Low-rank Matrices},
	Year = {2012}}

@article{CandesPhaseLift,
	Author = {Cand{\`e}s, E. J. and Strohmer, T. and Voroninski, V.},
	Issn = {1097-0312},
	Journal = {Communications on Pure and Applied Mathematics},
	Number = {8},
	Pages = {1241--1274},
	Publisher = {Wiley Subscription Services, Inc., A Wiley Company},
	Title = {PhaseLift: Exact and Stable Signal Recovery from Magnitude Measurements via Convex Programming},
	Volume = {66},
	Year = {2013}}

@article{Hofmann-measures,
	Author = {B. Hofmann and B. Kaltenbacher and C. Poschl and O. Scherzer},
	Journal = {Inverse Problems},
	Number = {3},
	Pages = {987},
	Title = {A convergence rates result for Tikhonov regularization in {B}anach spaces with non-smooth operators},
	Url = {http://stacks.iop.org/0266-5611/23/i=3/a=009},
	Volume = {23},
	Year = {2007},
	Bdsk-Url-1 = {http://stacks.iop.org/0266-5611/23/i=3/a=009}}

@article{Bredies-space-measures,
	Author = {Bredies, K. and Pikkarainen, H.K.},
	Doi = {10.1051/cocv/2011205},
	Issn = {1262-3377},
	Issue = {1},
	Journal = {ESAIM: Control, Optimisation and Calculus of Variations},
	Pages = {190--218},
	Title = {Inverse problems in spaces of measures},
	Volume = {19},
	Year = {2013},
	Bdsk-Url-1 = {http://dx.doi.org/10.1051/cocv/2011205}}

@book{bauschke2011convex,
	Author = {H. Bauschke and P. L. Combettes},
	Date-Modified = {2015-03-22 19:59:45 +0000},
	Publisher = {Springer},
	Title = {Convex Analysis and Monotone Operator Theory in Hilbert Spaces},
	Year = {2011}}

@article{liang2014convergence,
	Author = {Liang, J. and Fadili, M. J. and Peyr{\'e}, G.},
	Date-Modified = {2016-02-05 15:42:45 +0000},
	Journal = {Mathematical Programming},
	Note = {in press},
	Title = {Convergence Rates with Inexact Nonexpansive Operators},
	Year = {2015}}

@article{liang2016convergence,
  title={Convergence rates with inexact non-expansive operators},
  author={Liang, J. and Fadili, J. and Peyr{\'e}, G.},
  journal={Mathematical Programming},
  volume={159},
  number={1-2},
  pages={403--434},
  year={2016},
  publisher={Springer}
}

@article{LewisMalick08,
	Author = {Lewis, A. S. and Malick, J.},
	Journal = {Mathematics of Operations Research},
	Number = {1},
	Pages = {216-234},
	Title = {Alternating Projections on Manifolds},
	Volume = {33},
	Year = {2008},
	Bdsk-Url-1 = {http://pubsonline.informs.org/doi/abs/10.1287/moor.1070.0291},
	Bdsk-Url-2 = {http://dx.doi.org/10.1287/moor.1070.0291}}

@article{li2012holder,
	Author = {Li, G. and Mordukhovich, B. S.},
	Journal = {SIAM Journal on Optimization},
	Number = {4},
	Pages = {1655--1684},
	Publisher = {SIAM},
	Title = {H\"{o}lder Metric Subregularity with Applications to Proximal Point Method},
	Volume = {22},
	Year = {2012}}

@article{martinet1970breve,
	Author = {Martinet, B.},
	Journal = {ESAIM: Mathematical Modelling and Numerical Analysis-Mod{\'e}lisation Math{\'e}matique et Analyse Num{\'e}rique},
	Number = {R3},
	Pages = {154--158},
	Publisher = {EDP Sciences},
	Title = {Br{\`e}ve communication. R{\'e}gularisation d'in{\'e}quations variationnelles par approximations successives},
	Volume = {4},
	Year = {1970}}

@article{rockafellar1976monotone,
	Author = {Rockafellar, R. T.},
	Journal = {SIAM Journal on Control and Optimization},
	Number = {5},
	Pages = {877--898},
	Publisher = {SIAM},
	Title = {Monotone operators and the proximal point algorithm},
	Volume = {14},
	Year = {1976}}

@article{leventhal2009metric,
	Author = {Leventhal, D.},
	Journal = {Journal of Mathematical Analysis and Applications},
	Number = {2},
	Pages = {681--688},
	Publisher = {Elsevier},
	Title = {Metric subregularity and the proximal point method},
	Volume = {360},
	Year = {2009}}

@article{Dontchev06,
	Author = {Dontchev, A. L. and Quincampoix, M. and Zlateva, N.},
	Journal = {Journal of Convex Analysis},
	Pages = {281--297},
	Title = {Aubin criterion for metric regularity},
	Volume = {13},
	Year = {2006}}

@article{gfb2011,
	Author = {Raguet, H. and Fadili, M. J. and Peyr{\'e}, G.},
	Date-Modified = {2015-12-09 13:04:43 +0000},
	Journal = {SIAM Journal on Imaging Sciences},
	Number = {3},
	Pages = {1199-1226},
	Publisher = {SIAM},
	Title = {Generalized forward-backward splitting},
	Volume = {6},
	Year = {2013}}

@article{ogura2002non,
	Author = {Ogura, N. and Yamada, I.},
	Publisher = {Taylor \& Francis},
	Title = {Non-strictly convex minimization over the fixed point set of an asymptotically shrinking nonexpansive mapping},
	Year = {2002}}

@article{fista2009,
	Author = {Beck, A. and Teboulle, M.},
	Journal = {SIAM Journal on Imaging Sciences},
	Number = {1},
	Pages = {183--202},
	Publisher = {SIAM},
	Title = {A fast iterative shrinkage-thresholding algorithm for linear inverse problems},
	Volume = {2},
	Year = {2009}}

@article{nesterov2007gradient,
	Author = {Nesterov, Y.},
	Publisher = {CORE},
	Title = {Gradient methods for minimizing composite objective function},
	Year = {2007}}

@article{nesterov2005smooth,
	Author = {Nesterov, Yu.},
	Journal = {Mathematical programming},
	Number = {1},
	Pages = {127--152},
	Publisher = {Springer},
	Title = {Smooth minimization of non-smooth functions},
	Volume = {103},
	Year = {2005}}

@article{tseng2008accelerated,
	Author = {Tseng, P.},
	Journal = {submitted to SIAM Journal on Optimization},
	Title = {On accelerated proximal gradient methods for convex-concave optimization},
	Year = {2008}}

@article{he2011DRconvergence,
	Author = {He, B. and Yuan, X.},
	Journal = {Mathematical Programming, under revision},
	Title = {On convergence rate of the Douglas-Rachford operator splitting method},
	Year = {2011}}

@book{zarantonello1971projections,
	Author = {Zarantonello, E. H.},
	Publisher = {University of Wisconsin},
	Title = {Projections on convex sets in Hilbert space and spectral theory},
	Year = {1971}}

@article{minty1962monotone,
	Author = {Minty, G. J.},
	Journal = {Duke Mathematical Journal},
	Number = {3},
	Pages = {341--346},
	Publisher = {Duke University Press},
	Title = {Monotone (nonlinear) operators in Hilbert space},
	Volume = {29},
	Year = {1962}}

@book{rockafellar1997convex,
	Author = {Rockafellar, R. T.},
	Publisher = {Princeton university press},
	Title = {Convex analysis},
	Volume = {28},
	Year = {1997}}

@article{moreau1965proximite,
	Author = {Moreau, J. J.},
	Journal = {Bulletin de la Soci{\'e}t{\'e} math{\'e}matique de France},
	Pages = {273--299},
	Publisher = {Soci{\'e}t{\'e} math{\'e}matique de France},
	Title = {Proximit{\'e} et dualit{\'e} dans un espace hilbertien},
	Volume = {93},
	Year = {1965}}

@article{combettes2004solving,
	Author = {Combettes, P. L.},
	Journal = {Optimization},
	Number = {5-6},
	Pages = {475--504},
	Publisher = {Taylor \& Francis},
	Title = {Solving monotone inclusions via compositions of nonexpansive averaged operators},
	Volume = {53},
	Year = {2004}}

@article{browder1967convergence,
	Author = {Browder, F. E.},
	Journal = {Mathematische Zeitschrift},
	Number = {3},
	Pages = {201--225},
	Publisher = {Springer},
	Title = {Convergence theorems for sequences of nonlinear operators in {B}anach spaces},
	Volume = {100},
	Year = {1967}}

@article{baillon1977quelques,
	Author = {Baillon, J. B. and Haddad, G.},
	Journal = {Israel Journal of Mathematics},
	Number = {2},
	Pages = {137--150},
	Publisher = {Springer},
	Title = {Quelques propri{\'e}t{\'e}s des op{\'e}rateurs angle-born{\'e}s etn-cycliquement monotones},
	Volume = {26},
	Year = {1977}}

@book{ciarlet1978finite,
	Author = {Ciarlet, P. G.},
	Publisher = {Access Online via Elsevier},
	Title = {The finite element method for elliptic problems},
	Year = {1978}}

@article{tseng1991applications,
	Author = {Tseng, P.},
	Journal = {SIAM Journal on Control and Optimization},
	Number = {1},
	Pages = {119--138},
	Publisher = {SIAM},
	Title = {Applications of a splitting algorithm to decomposition in convex programming and variational inequalities},
	Volume = {29},
	Year = {1991}}

@article{tseng2000modified,
	Author = {Tseng, P.},
	Journal = {SIAM Journal on Control and Optimization},
	Number = {2},
	Pages = {431--446},
	Publisher = {SIAM},
	Title = {A modified Forward--Backward splitting method for maximal monotone mappings},
	Volume = {38},
	Year = {2000}}

@article{combettes2005signal,
	Author = {Combettes, P. L. and Wajs, V. R.},
	Journal = {Multiscale Modeling \& Simulation},
	Number = {4},
	Pages = {1168--1200},
	Publisher = {SIAM},
	Title = {Signal recovery by proximal forward-backward splitting},
	Volume = {4},
	Year = {2005}}

@article{douglas1956numerical,
	Author = {Douglas, J. and Rachford, H. H.},
	Journal = {Transactions of the American mathematical Society},
	Number = {2},
	Pages = {421--439},
	Publisher = {JSTOR},
	Title = {On the numerical solution of heat conduction problems in two and three space variables},
	Volume = {82},
	Year = {1956}}

@article{lions1978methode,
	Author = {Lions, P. L.},
	Date-Modified = {2015-12-09 13:04:35 +0000},
	Journal = {Israel Journal of Mathematics},
	Number = {2},
	Pages = {204--208},
	Publisher = {Springer},
	Title = {Une m{\'e}thode it{\'e}rative de r{\'e}solution d'une in{\'e}quation variationnelle},
	Volume = {31},
	Year = {1978}}

@article{passty1979ergodic,
	Author = {Passty, G. B.},
	Journal = {Journal of Mathematical Analysis and Applications},
	Number = {2},
	Pages = {383--390},
	Publisher = {Academic Press},
	Title = {Ergodic convergence to a zero of the sum of monotone operators in Hilbert space},
	Volume = {72},
	Year = {1979}}

@inproceedings{acker1980convergence,
	Author = {Acker, F. and Prestel, M. A.},
	Booktitle = {Annales de la facult{\'e} des sciences de Toulouse},
	Number = {1},
	Organization = {Universit{\'e} Paul Sabatier},
	Pages = {1--9},
	Title = {Convergence d'un sch{\'e}ma de minimisation altern{\'e}e},
	Volume = {2},
	Year = {1980}}

@article{bauschke2005asymptotic,
	Author = {Bauschke, H. H. and Combettes, P. L. and Reich, S.},
	Journal = {Nonlinear Analysis: Theory, Methods \& Applications},
	Number = {2},
	Pages = {283--301},
	Publisher = {Elsevier},
	Title = {The asymptotic behavior of the composition of two resolvents},
	Volume = {60},
	Year = {2005}}

@book{fortin2000augmented,
	Author = {Fortin, M. and Glowinski, R.},
	Publisher = {Access Online via Elsevier},
	Title = {Augmented Lagrangian methods: applications to the numerical solution of boundary-value problems},
	Year = {2000}}

@article{gabay1983chapter,
	Author = {Gabay, D.},
	Journal = {Studies in mathematics and its applications},
	Pages = {299--331},
	Publisher = {Elsevier},
	Title = {Chapter IX applications of the method of multipliers to variational inequalities},
	Volume = {15},
	Year = {1983}}

@book{glowinski1989augmented,
	Author = {Glowinski, R. and Le Tallec, P.},
	Publisher = {SIAM},
	Title = {Augmented Lagrangian and operator-splitting methods in nonlinear mechanics},
	Volume = {9},
	Year = {1989}}

@article{fadili2011total,
	Author = {Fadili, M. J. and Peyr{\'e}, G.},
	Journal = {Image Processing, IEEE Transactions on},
	Number = {3},
	Pages = {657--669},
	Publisher = {IEEE},
	Title = {Total variation projection with first order schemes},
	Volume = {20},
	Year = {2011}}

@article{combettes2010dualization,
	Author = {Combettes, P. L. and D{\~u}ng, D. and V{\~u}, B. C.},
	Journal = {Set-Valued and Variational Analysis},
	Number = {3-4},
	Pages = {373--404},
	Publisher = {Springer},
	Title = {Dualization of signal recovery problems},
	Volume = {18},
	Year = {2010}}

@book{arrow1958studies,
	Author = {Arrow, K. J. and Hurwicz, L. and Uzawa, H. and Chenery, H. B.},
	Publisher = {Stanford University Press Stanford},
	Title = {Studies in linear and non-linear programming},
	Volume = {2},
	Year = {1958}}

@article{popov1980modification,
	Author = {Popov, L. D.},
	Journal = {Mathematical Notes},
	Number = {5},
	Pages = {845--848},
	Publisher = {Springer},
	Title = {A modification of the Arrow-Hurwicz method for search of saddle points},
	Volume = {28},
	Year = {1980}}

@article{chen1994proximal,
	Author = {Chen, G. and Teboulle, M.},
	Journal = {Mathematical Programming},
	Number = {1-3},
	Pages = {81--101},
	Publisher = {Springer},
	Title = {A proximal-based decomposition method for convex minimization problems},
	Volume = {64},
	Year = {1994}}

@article{tseng1997alternating,
	Author = {Tseng, P.},
	Journal = {SIAM Journal on Optimization},
	Number = {4},
	Pages = {951--965},
	Publisher = {SIAM},
	Title = {Alternating projection-proximal methods for convex programming and variational inequalities},
	Volume = {7},
	Year = {1997}}

@article{solodov2004class,
	Author = {Solodov, M. V.},
	Journal = {Optimization Methods and Software},
	Number = {5},
	Pages = {557--575},
	Publisher = {Taylor \& Francis},
	Title = {A class of decomposition methods for convex optimization and monotone variational inclusions via the hybrid inexact proximal point framework},
	Volume = {19},
	Year = {2004}}

@article{monteiro2011complexity,
	Author = {Monteiro, R. DC and Svaiter, B. F.},
	Journal = {SIAM Journal on Optimization},
	Number = {4},
	Pages = {1688--1720},
	Publisher = {SIAM},
	Title = {Complexity of variants of tseng's modified fb splitting and korpelevich's methods for hemivariational inequalities with applications to saddle-point and convex optimization problems},
	Volume = {21},
	Year = {2011}}

@article{chambolle2011first,
	Author = {Chambolle, A. and Pock, T.},
	Journal = {Journal of Mathematical Imaging and Vision},
	Number = {1},
	Pages = {120--145},
	Publisher = {Springer},
	Title = {A first-order primal-dual algorithm for convex problems with applications to imaging},
	Volume = {40},
	Year = {2011}}

@article{briceno2011monotone,
	Author = {Briceno-Arias, L. M. and Combettes, P. L.},
	Journal = {SIAM Journal on Optimization},
	Number = {4},
	Pages = {1230--1250},
	Publisher = {SIAM},
	Title = {A monotone+ skew splitting model for composite monotone inclusions in duality},
	Volume = {21},
	Year = {2011}}

@article{combettes2007douglas,
	Author = {Combettes, P. L. and Pesquet, J. C.},
	Journal = {Selected Topics in Signal Processing, IEEE Journal of},
	Number = {4},
	Pages = {564--574},
	Publisher = {IEEE},
	Title = {A Douglas--Rachford splitting approach to nonsmooth convex variational signal recovery},
	Volume = {1},
	Year = {2007}}

@article{eckstein1994parallel,
	Author = {Eckstein, J.},
	Journal = {Journal of Optimization Theory and Applications},
	Number = {1},
	Pages = {39--62},
	Publisher = {Springer},
	Title = {Parallel alternating direction multiplier decomposition of convex programs},
	Volume = {80},
	Year = {1994}}

@article{pesquet2002parallel,
	Author = {Pesquet, J. C. and Pustelnik, N. and others},
	Journal = {Pacific Journal of Optimization},
	Number = {2},
	Pages = {273--305},
	Title = {A parallel inertial proximal optimization method},
	Volume = {8},
	Year = {2002}}

@article{combettes2012primal,
	Author = {Combettes, P. L. and Pesquet, J. C.},
	Journal = {Set-Valued and variational analysis},
	Number = {2},
	Pages = {307--330},
	Publisher = {Springer},
	Title = {Primal-dual splitting algorithm for solving inclusions with mixtures of composite, Lipschitzian, and parallel-sum type monotone operators},
	Volume = {20},
	Year = {2012}}

@phdthesis{lieutaud1969approximation,
	Author = {Lieutaud, J.},
	Title = {Approximation d'op{\'e}rateurs par des m{\'e}thodes de d{\'e}composition},
	Year = {1969}}

@article{eckstein1992douglas,
	Author = {Eckstein, J. and Bertsekas, D. P.},
	Date-Modified = {2015-03-22 19:54:50 +0000},
	Journal = {Mathematical Programming},
	Number = {1-3},
	Pages = {293--318},
	Publisher = {Springer},
	Title = {On the Douglas--Rachford splitting method and the proximal point algorithm for maximal monotone operators},
	Volume = {55},
	Year = {1992}}

@inproceedings{dupe2011linear,
	Author = {Dup{\'e}, F. X. and Fadili, M. J. and Starck, J. L.},
	Booktitle = {Proceedings of the 5th International ICST Conference on Performance Evaluation Methodologies and Tools},
	Organization = {ICST (Institute for Computer Sciences, Social-Informatics and Telecommunications Engineering)},
	Pages = {621--626},
	Title = {Linear inverse problems with various noise models and mixed regularizations},
	Year = {2011}}

@article{chaux2009nested,
	Author = {Chaux, C. and Pesquet, J. C. and Pustelnik, N.},
	Journal = {SIAM Journal on Imaging Sciences},
	Number = {2},
	Pages = {730--762},
	Publisher = {SIAM},
	Title = {Nested iterative algorithms for convex constrained image recovery problems},
	Volume = {2},
	Year = {2009}}

@article{dupe2009proximal,
	Author = {Dup{\'e}, F. X. and Fadili, M. J. and Starck, J. L.},
	Journal = {Image Processing, IEEE Transactions on},
	Number = {2},
	Pages = {310--321},
	Publisher = {IEEE},
	Title = {A proximal iteration for deconvolving Poisson noisy images using sparse representations},
	Volume = {18},
	Year = {2009}}

@article{monteiro2010iteration,
	Author = {Monteiro, R. DC and Svaiter, B. F.},
	Journal = {Optimization-online preprint},
	Pages = {1},
	Title = {Iteration-complexity of block-decomposition algorithms and the alternating direction method of multipliers},
	Volume = {2713},
	Year = {2010}}

@article{condat2012primal,
	Author = {Condat, L.},
	Journal = {Journal of Optimization Theory and Applications},
	Pages = {1--20},
	Publisher = {Springer},
	Title = {A primal--dual splitting method for convex optimization involving Lipschitzian, proximable and linear composite terms},
	Year = {2012}}

@article{vu2011splitting,
	Author = {V{\~u}, B. C.},
	Journal = {Advances in Computational Mathematics},
	Pages = {1--15},
	Publisher = {Springer},
	Title = {A splitting algorithm for dual monotone inclusions involving cocoercive operators},
	Year = {2011}}

@article{solodov1999hybrid,
	Author = {Solodov, M. V. and Svaiter, B. F.},
	Journal = {Set-Valued Analysis},
	Number = {4},
	Pages = {323--345},
	Publisher = {Springer},
	Title = {A hybrid approximate extragradient--proximal point algorithm using the enlargement of a maximal monotone operator},
	Volume = {7},
	Year = {1999}}

@article{monteiro2010complexity,
	Author = {Monteiro, R. DC and Svaiter, B. F.},
	Journal = {SIAM Journal on Optimization},
	Number = {6},
	Pages = {2755--2787},
	Publisher = {SIAM},
	Title = {On the complexity of the hybrid proximal extragradient method for the iterates and the ergodic mean},
	Volume = {20},
	Year = {2010}}

@article{recht2010guaranteed,
	Author = {Recht, B. and Fazel, M. and Parrilo, P. A.},
	Date-Modified = {2015-03-22 20:00:43 +0000},
	Issn = {0036-1445},
	Journal = {SIAM Review},
	Number = {3},
	Pages = {471--501},
	Title = {Guaranteed minimum-rank solutions of linear matrix equations via nuclear norm minimization},
	Volume = {52},
	Year = {2010}}

@article{CandesTao2009,
	Author = {Cand{\`e}s, E. J. and Tao, T.},
	Fjournal = {Institute of Electrical and Electronics Engineers. Transactions on Information Theory},
	Issn = {0018-9448},
	Journal = {IEEE Trans. Inform. Theory},
	Number = {5},
	Pages = {2053--2080},
	Title = {The power of convex relaxation: near-optimal matrix completion},
	Volume = {56},
	Year = {2010}}

@article{burachik1997enlargement,
	Author = {Burachik, R. S. and Iusem, A. N. and Svaiter, B. F.},
	Journal = {Set-Valued Analysis},
	Number = {2},
	Pages = {159--180},
	Publisher = {Springer},
	Title = {Enlargement of monotone operators with applications to variational inequalities},
	Volume = {5},
	Year = {1997}}

@article{ioan2013convergence,
	Author = {Bot, R. I. and Csetnek, E. E. and Heinrich, A.},
	Title = {On the convergence rate improvement of a primal-dual splitting algorithm for solving monotone inclusion problems},
	Year = {2013}}

@article{bot2012convergence,
	Author = {Bot, R. I. and Hendrich, C.},
	Journal = {arXiv preprint arXiv:1211.1706},
	Title = {Convergence analysis for a primal-dual monotone+ skew splitting algorithm with applications to total variation minimization},
	Year = {2012}}

@article{candes2011robust,
	Author = {Cand{\`e}s, E. J. and Li, X. and Ma, Y. and Wright, J.},
	Journal = {Journal of the ACM (JACM)},
	Number = {3},
	Pages = {11},
	Publisher = {ACM},
	Title = {Robust principal component analysis?},
	Volume = {58},
	Year = {2011}}

@article{lemaire1996stability,
	Author = {Lemaire, B.},
	Journal = {Serdica Mathematical Journal},
	Number = {3},
	Pages = {331p--340p},
	Title = {Stability of the Iteration Method for non expansive Mappings},
	Volume = {22},
	Year = {1996}}

@incollection{lemaire1997fixed,
	Author = {Lemaire, B.},
	Booktitle = {Recent Advances in Optimization},
	Pages = {154--167},
	Publisher = {Springer},
	Title = {Which fixed point does the iteration method select?},
	Year = {1997}}

@article{li2004statistical,
	Author = {Li, L. and Huang, W. and Gu, I. Y. and Tian, Q.},
	Journal = {Image Processing, IEEE Transactions on},
	Number = {11},
	Pages = {1459--1472},
	Publisher = {IEEE},
	Title = {Statistical modeling of complex backgrounds for foreground object detection},
	Volume = {13},
	Year = {2004}}

@article{chen2013primal,
	Author = {Chen, P. and Huang, J. and Zhang, X.},
	Journal = {Inverse Problems},
	Number = {2},
	Pages = {025011},
	Publisher = {IOP Publishing},
	Title = {A primal--dual fixed point algorithm for convex separable minimization with applications to image restoration},
	Volume = {29},
	Year = {2013}}

@article{micchelli2011proximity,
	Author = {Micchelli, C. A. and Shen, L. and Xu, Y.},
	Journal = {Inverse Problems},
	Number = {4},
	Pages = {045009},
	Publisher = {IOP Publishing},
	Title = {Proximity algorithms for image models: denoising},
	Volume = {27},
	Year = {2011}}

@article{moreau1962decomposition,
	Author = {Moreau, J. J.},
	Journal = {CR Acad. Sci. Paris},
	Pages = {238--240},
	Title = {D{\'e}composition orthogonale d{\~O}un espace hilbertien selon deux c{\^o}nes mutuellement polaires},
	Volume = {255},
	Year = {1962}}

@article{cai2010singular,
	Author = {Cai, J. and Cand{\`e}s, E. J. and Shen, Z.},
	Journal = {SIAM Journal on Optimization},
	Number = {4},
	Pages = {1956--1982},
	Publisher = {SIAM},
	Title = {A singular value thresholding algorithm for matrix completion},
	Volume = {20},
	Year = {2010}}

@book{nesterov2004introductory,
	Author = {Nesterov, Y.},
	Publisher = {Springer},
	Title = {Introductory lectures on convex optimization: A basic course},
	Volume = {87},
	Year = {2004}}

@article{peaceman1955numerical,
	Author = {Peaceman, D. W. and Rachford, Jr, H. H.},
	Journal = {Journal of the Society for Industrial \& Applied Mathematics},
	Number = {1},
	Pages = {28--41},
	Publisher = {SIAM},
	Title = {The numerical solution of parabolic and elliptic differential equations},
	Volume = {3},
	Year = {1955}}

@article{gabay1976dual,
	Author = {Gabay, D. and Mercier, B.},
	Journal = {Computers \& Mathematics with Applications},
	Number = {1},
	Pages = {17--40},
	Publisher = {Elsevier},
	Title = {A dual algorithm for the solution of nonlinear variational problems via finite element approximation},
	Volume = {2},
	Year = {1976}}

@article{zoutendijk1960methods,
	Author = {Zoutendijk, G.},
	Publisher = {Elsevier},
	Title = {Methods of feasible directions: a study in linear and non-linear programming},
	Year = {1960}}

@article{korpelevich1976extragradient,
	Author = {Korpelevich, G. M.},
	Journal = {Matecon},
	Pages = {747--756},
	Title = {The extragradient method for finding saddle points and other problems},
	Volume = {12},
	Year = {1976}}

@article{bredies2008linear,
	Author = {Bredies, K. and Lorenz, D. A.},
	Journal = {Journal of Fourier Analysis and Applications},
	Number = {5-6},
	Pages = {813--837},
	Publisher = {Springer},
	Title = {Linear convergence of iterative soft-thresholding},
	Volume = {14},
	Year = {2008}}

@article{chen1997convergence,
	Author = {Chen, G. HG and Rockafellar, R. T.},
	Journal = {SIAM Journal on Optimization},
	Number = {2},
	Pages = {421--444},
	Publisher = {SIAM},
	Title = {Convergence Rates in Forward--Backward Splitting},
	Volume = {7},
	Year = {1997}}

@article{cominetti2012rate,
	Author = {Cominetti, R. and Soto, J. A. and Vaisman, J.},
	Journal = {arXiv preprint arXiv:1206.4195},
	Title = {On the rate of convergence of Krasnoselski-Mann iterations and their connection with sums of Bernoullis},
	Year = {2012}}

@article{rudin1992nonlinear,
	Author = {Rudin, L. I. and Osher, S. and Fatemi, E.},
	Journal = {Physica D: Nonlinear Phenomena},
	Number = {1},
	Pages = {259--268},
	Publisher = {Elsevier},
	Title = {Nonlinear total variation based noise removal algorithms},
	Volume = {60},
	Year = {1992}}

@incollection{combettes2011proximal,
	Author = {Combettes, P. L. and Pesquet, J. C.},
	Booktitle = {Fixed-Point Algorithms for Inverse Problems in Science and Engineering},
	Pages = {185--212},
	Publisher = {Springer},
	Title = {Proximal splitting methods in signal processing},
	Year = {2011}}

@techreport{he2012non,
	Author = {He, B. and Yuan, X.},
	Institution = {Technical report, Tech. rep},
	Title = {On non-ergodic convergence rate of douglas-rachford alternating direction method of multipliers},
	Year = {2012}}

@article{svaiter2012class,
	Author = {Svaiter, B. F.},
	Journal = {arXiv preprint arXiv:1204.1353},
	Title = {A class of Fejer convergent algorithms, approximate resolvents and the Hybrid Proximal-Extragradient method},
	Year = {2012}}

@article{burachik2001robustness,
	Author = {Burachik, R. S. and Scheimberg, S. and Svaiter, B. F.},
	Journal = {Journal of Optimization Theory and Applications},
	Number = {1},
	Pages = {117--136},
	Publisher = {Springer},
	Title = {Robustness of the hybrid extragradient proximal-point algorithm},
	Volume = {111},
	Year = {2001}}

@article{briceno2012forward,
	Author = {Brice{\~n}o-Arias, L. M.},
	Journal = {arXiv preprint arXiv:1212.5942},
	Title = {Forward-Douglas-Rachford splitting and forward-partial inverse method for solving monotone inclusions},
	Year = {2012}}

@book{polyak1987introduction,
	Author = {Polyak, B. T.},
	Publisher = {Optimization Software},
	Title = {Introduction to optimization},
	Year = {1987}}

@article{brezis1978produits,
	Author = {Br{\'e}zis, H. and Lions, P. L.},
	Journal = {Israel Journal of Mathematics},
	Number = {4},
	Pages = {329--345},
	Publisher = {Springer},
	Title = {Produits infinis de r{\'e}solvantes},
	Volume = {29},
	Year = {1978}}

@article{combettes2001quasi,
	Author = {Combettes, P. L.},
	Journal = {Studies in Computational Mathematics},
	Pages = {115--152},
	Publisher = {Elsevier},
	Title = {Quasi-{F}ej{\'e}rian analysis of some optimization algorithms},
	Volume = {8},
	Year = {2001}}

@article{krasnosel1955two,
	Author = {Krasnosel'skii, M. A.},
	Journal = {Uspekhi Matematicheskikh Nauk},
	Number = {1},
	Pages = {123--127},
	Publisher = {Russian Academy of Sciences, Branch of Mathematical Sciences},
	Title = {Two remarks on the method of successive approximations},
	Volume = {10},
	Year = {1955}}

@article{mann1953mean,
	Author = {Mann, W. R.},
	Journal = {Proceedings of the American Mathematical Society},
	Number = {3},
	Pages = {506--510},
	Publisher = {JSTOR},
	Title = {Mean value methods in iteration},
	Volume = {4},
	Year = {1953}}

@book{dontchev2009implicit,
	Author = {Dontchev, A. L. and Rockafellar, R. T.},
	Publisher = {Springer},
	Title = {Implicit functions and solution mappings: A view from variational analysis},
	Year = {2009}}

@article{hesse2012nonmonotone,
	Author = {Hesse, R. and Luke, D. R.},
	Journal = {Preprint},
	Title = {Nonmonotone fixed point mappings and convergence of first-order algorithms},
	Year = {2012}}

@article{goldstein2014fast,
	Author = {Goldstein, T. and O'Donoghue, B. and Setzer, S. and Baraniuk, R.},
	Journal = {SIAM Journal on Imaging Sciences},
	Number = {3},
	Pages = {1588--1623},
	Publisher = {SIAM},
	Title = {Fast alternating direction optimization methods},
	Volume = {7},
	Year = {2014}}

@article{duval2015sparse,
	Author = {Duval, V. and Peyr{\'e}, G.},
	Journal = {arXiv preprint arXiv:1503.08577},
	Title = {Sparse Spikes Deconvolution on Thin Grids},
	Year = {2015}}
